@ONLINE{LECT:1,
	url = "https://www.youtube.com/watch?v=q8zGN2QwyU4",
	author = "{Physics and Math Lectures}",
	title = "Intro to Chebyshev Polynomials",
	year = "2020",
	month = "Aug",
	day = "28",
	organization = "YouTube",
	keyword = "yt"
}

@ONLINE{BPRP:1,
	url = "https://www.youtube.com/watch?v=Sgjy1uyYNbc",
	author = "{blackpenredpen}",
	title = "Quintic Equation From Chebyshev Polynomial",
	year = "2021",
	month = "Feb",
	day = "28",
	organization = "YouTube",
	note = "[Online; accessed 18-October-2022]",
	keyword = "yt"
}

@ONLINE{WPAGE:1,
	url = "https://www.maa.org/sites/default/files/images/upload_library/4/vol6/Sarra/Chebyshev.html",
	author = "{Scott A. Sarra}",
	title = "Chebyshev Interpolation: An Interactive Tour",
	year = "2006",
	month = "Aug",
	organization = "Mathematical Association of America",
	note = "[Online; accessed 18-October-2022]",
	keyword = "web"
}

@MISC{CHEBPOLY:1,
	author = "{Wikipedia contributors}",
	title = "Chebyshev polynomials --- {Wikipedia}{,} The Free Encyclopedia",
	year = "2022",
	url = "https://en.wikipedia.org/w/index.php?title=Chebyshev_polynomials&oldid=1116362241",
	note = "[Online; accessed 18-October-2022]",
	keyword = "web"
}

@MISC{TRIGID:1,
	author = "{Wikipedia contributors}",
	title = "List of trigonometric identities --- {Wikipedia}{,} The Free Encyclopedia",
	year = "2022",
	url = "https://en.wikipedia.org/w/index.php?title=List_of_trigonometric_identities#Multiple-angle_formulae&oldid=1112796780",
	note = "[Online; accessed 18-October-2022]",
	keyword = "web"
}

%@misc{trigid:2,
	%	author = "{Wikipedia contributors}",
	%	title = "List of trigonometric identities --- {Wikipedia}{,} The Free Encyclopedia",
	%	year = "2022",
	%	url = "https://en.wikipedia.org/w/index.php?title=List_of_trigonometric_identities#Multiple-angle_and_half-angle_formulae&oldid=1112796780",
	%	note = "[Online; accessed 18-October-2022]",
	%	 keyword = "web"
		%}
